\usepackage{filecontents}

@book{ManipulatoryiRoboty,
    author = {Krzysztof Tchoń and Robert Muszyński and Ignacy Dulęba and Robert Hossa and Alicja Mazur},
    year = {2000},
    month = {01},
    pages = {},
    title = {Manipulatory i roboty mobilne},
    isbn = {ISBN 83-7101-427-9}
}

@article{Robotyka,
    author = {Krzysztof Tchoń and Robert Muszyński},
    year = {2018},
    title = {Robotyka},
    journal = {Notatki do wykładów z dziedziny automatyki i robotyki, Katedra Cybernetyki i Robotyki, Politechnika Wrocławska}
}

@article{Akwizycja,
    author = {Grabiński, Jakub and Waluś, Konrad},
    year = {2019},
    month = {02},
    pages = {228-233},
    title = {The system of acquisition and archiving of motion parameters of mobile systems - mathematical methods, digital filters},
    volume = {20},
    doi = {10.24136/atest.2019.041}
}

@article{Komplementarny,
    author = {Grygiel, Rafal and Bieda, Robert},
    year = {2014},
    month = {08},
    pages = {217-224},
    title = {Metody wyznaczania kątów z żyroskopów dla filtru komplementarnego na potrzeby określania orientacji IMU},
    volume = {90},
    journal = {Przegląd Elektrotechniczny},
    doi = {10.12915/pe.2014.09.52}
}

@article{Komplementarny2,
    author = {Kevin Craig},
    year = {2012},
	title = {Sensor Fusion for A Self-Balancing Robot},
	journal = {Design News}
}

@article{Kalman,
    author = {Kędzierski, Jan},
    year = {2016},
    month = {03},
    pages = {},
    title = {Filtr Kalmana - zastosowania w prostych układach sensorycznych.},
    doi = {10.13140/RG.2.1.1336.4884}
}

@article{Madgwick2010AnEO,
  title={An efficient orientation filter for inertial and inertial / magnetic sensor arrays},
  author={Sebastian O. H. Madgwick},
  year={2010},
  month = {04}
}

@article{MPU9250datascheet,
  title={MPU9250 Product Specification Revision 1.1},
  author={InvenSense Inc.},
  year={2016}
}

@article{MPU9250registermap,
  title={MPU9250 Register Map and Descriptions Revision 1.6},
  author={InvenSense Inc.},
  year={2015}
}

@article{Kosmos,
    author = {Kędzierski, Jan},
    year = {2012},
    month = {06},
    pages = {},
    title = {Robot balansujący - model i sterowanie. ,,Balancing robot - modeling and control''},
    doi = {10.13140/RG.2.1.3540.1365}
}

@article{Konstrukcja2,
    author = {Paweł, Dymacz and Michał, Marzyński},
    year = {2011},
    title = {Robot balansujący wykorzystujący algorytm uczenia ze wzmocnieniem},
    journal = {Koło Naukowe Robotyków „KoNaR”, Politechnika Wrocławska}
}

@article{Konstrukcja3,
    author = {Abdul Gafar},
    year = {2017},
    month = {04},
    title = {Third Year Individual Project – Final Report. Self-Balancing Robot},
    journal = {The University of Manchester}
}


